
@inproceedings{zentai2001development,
  title={Development of orienteering mapsâ€™ standardization},
  author={Zentai, L{\'a}szl{\'o}},
  booktitle={Proceedings of the 20th International Cartographic Conference, Beijing, China},
  pages={6--10},
  year={2001}
}



@article{zentai2007new,
  title={New technologies in making orienteering maps},
  author={Zentai, L{\'a}szl{\'o}},
  year={2007}
}

